<?xml version="1.0" encoding="UTF-8"?><collection xmlns="http://www.loc.gov/MARC21/slim"><record><leader>00621nam--2200205-u-4500</leader><controlfield tag="001">000055100</controlfield><controlfield tag="002">20161230</controlfield><controlfield tag="005">20161230201052</controlfield><controlfield tag="008">121031s1000------------r-----000-0-rus-d</controlfield><datafield ind1=" " ind2=" " tag="040"><subfield code="a">IFIN-HH</subfield></datafield><datafield ind1=" " ind2=" " tag="041"><subfield code="a">rus</subfield></datafield><datafield ind1=" " ind2=" " tag="080"><subfield code="a">538.953:537.32=03.20=82</subfield></datafield><datafield ind1="1" ind2=" " tag="100"><subfield code="a">Blatt, Frank J</subfield></datafield><datafield ind1="1" ind2="0" tag="245"><subfield code="a">Termoelektro-dvijusaia sla metallov</subfield><subfield code="c">Franl j. blatt, peter a. schroeder, carl l. foiles, denis greig</subfield></datafield><datafield ind1=" " ind2=" " tag="260"><subfield code="a">Moskva</subfield><subfield code="b">Metallurgia</subfield><subfield code="c">1980</subfield></datafield><datafield ind1=" " ind2=" " tag="300"><subfield code="a">247P</subfield></datafield><datafield ind1=" " ind2=" " tag="500"><subfield code="a">Titlul Original In Limba Engleza: Thermoelectric Power Of Metals</subfield></datafield><datafield ind1="1" ind2=" " tag="700"><subfield code="a">Greig, Denis</subfield></datafield><datafield ind1=" " ind2=" " tag="852"><subfield code="a">49099</subfield><subfield code="c">539.2</subfield></datafield><datafield ind1=" " ind2=" " tag="CAT"><subfield code="a">Sys</subfield><subfield code="c">20121031</subfield><subfield code="h">172649</subfield></datafield></record></collection>